<record><leader>00000cas a22000007a 4500</leader><controlfield tag="001">9793847</controlfield><controlfield tag="008">830809d18351836mauwr ne      0    0eng d</controlfield><controlfield tag="009">3768</controlfield><datafield ind1=" " ind2=" " tag="010"><subfield code="a">sn 83021099 </subfield></datafield><datafield ind1=" " ind2=" " tag="040"><subfield code="a">NPX</subfield><subfield code="b">eng</subfield><subfield code="c">NPX</subfield><subfield code="d">MGN</subfield><subfield code="d">OCLCG</subfield></datafield><datafield ind1="1" ind2=" " tag="029"><subfield code="a">AU@</subfield><subfield code="b">000025801060</subfield></datafield><datafield ind1=" " ind2=" " tag="042"><subfield code="a">msc</subfield></datafield><datafield ind1=" " ind2=" " tag="043"><subfield code="a">n-us-ma</subfield></datafield><datafield ind1="0" ind2=" " tag="130"><subfield code="a">Democratic herald (Westfield, Mass.)</subfield></datafield><datafield ind1="0" ind2="0" tag="245"><subfield code="a">Democratic herald.</subfield></datafield><datafield ind1=" " ind2=" " tag="260"><subfield code="a">Westfield, Mass. :</subfield><subfield code="b">N.T. Leonard,</subfield></datafield><datafield ind1=" " ind2=" " tag="300"><subfield code="a">v. ;</subfield><subfield code="c">58 cm.</subfield></datafield><datafield ind1=" " ind2=" " tag="310"><subfield code="a">Weekly</subfield></datafield><datafield ind1="0" ind2=" " tag="362"><subfield code="a">Vol. 2, no. 82 (Mar. 31, 1835)-    = new series, no. 1-</subfield></datafield><datafield ind1="1" ind2=" " tag="362"><subfield code="a">Ceased in 1836.</subfield></datafield><datafield ind1=" " ind2=" " tag="500"><subfield code="a">"Democratic Rupublican."</subfield></datafield><datafield ind1=" " ind2=" " tag="500"><subfield code="a">Printer: Joseph Bull.</subfield></datafield><datafield ind1=" " ind2=" " tag="500"><subfield code="a">Editors: N.T. Leonard, E. Davis.</subfield></datafield><datafield ind1="1" ind2=" " tag="700"><subfield code="a">Davis, Emerson,</subfield><subfield code="d">1798-1866.</subfield></datafield><datafield ind1=" " ind2=" " tag="752"><subfield code="a">United States</subfield><subfield code="b">Massachusetts</subfield><subfield code="c">Hampden</subfield><subfield code="d">Westfield.</subfield></datafield><datafield ind1="0" ind2="0" tag="780"><subfield code="t">Westfield journal (Westfield, Mass. : 1833)</subfield><subfield code="w">(DLC)sn 83021098</subfield></datafield><datafield ind1=" " ind2=" " tag="936"><subfield code="a">1835 Nov. 3</subfield></datafield></record>